
@article{nosekWhatReplication2020,
  title = {What Is Replication?},
  author = {Nosek, Brian A. and Errington, Timothy M.},
  date = {2020-03-27},
  journaltitle = {PLOS Biology},
  volume = {18},
  number = {3},
  pages = {e3000691},
  issn = {1545-7885},
  doi = {10.1371/journal.pbio.3000691},
  url = {https://dx.plos.org/10.1371/journal.pbio.3000691},
  urldate = {2020-04-02},
  langid = {english},
  keywords = {Letto},
  file = {/Users/claudio/MEGA/Zotero/Nosek_Errington_2020_What is replication.pdf}
}


