@Manual{R-base,
  title = {R: A Language and Environment for Statistical Computing},
  author = {{R Core Team}},
  organization = {R Foundation for Statistical Computing},
  address = {Vienna, Austria},
  year = {2021},
  url = {https://www.R-project.org/},
}

@Manual{R-bookdown,
  title = {bookdown: Authoring Books and Technical Documents with R Markdown},
  author = {Yihui Xie},
  year = {2022},
  note = {R package version 0.26},
  url = {https://CRAN.R-project.org/package=bookdown},
}

@Manual{R-conflicted,
  title = {conflicted: An Alternative Conflict Resolution Strategy},
  author = {Hadley Wickham},
  year = {2021},
  note = {R package version 1.1.0},
  url = {https://CRAN.R-project.org/package=conflicted},
}

@Manual{R-devtools,
  title = {devtools: Tools to Make Developing R Packages Easier},
  author = {Hadley Wickham and Jim Hester and Winston Chang and Jennifer Bryan},
  year = {2021},
  note = {R package version 2.4.3},
  url = {https://CRAN.R-project.org/package=devtools},
}

@Manual{R-dplyr,
  title = {dplyr: A Grammar of Data Manipulation},
  author = {Hadley Wickham and Romain François and Lionel Henry and Kirill Müller},
  year = {2022},
  note = {R package version 1.0.8},
  url = {https://CRAN.R-project.org/package=dplyr},
}

@Manual{R-forcats,
  title = {forcats: Tools for Working with Categorical Variables (Factors)},
  author = {Hadley Wickham},
  year = {2021},
  note = {R package version 0.5.1},
  url = {https://CRAN.R-project.org/package=forcats},
}

@Manual{R-ggplot2,
  title = {ggplot2: Create Elegant Data Visualisations Using the Grammar of Graphics},
  author = {Hadley Wickham and Winston Chang and Lionel Henry and Thomas Lin Pedersen and Kohske Takahashi and Claus Wilke and Kara Woo and Hiroaki Yutani and Dewey Dunnington},
  year = {2021},
  note = {R package version 3.3.5},
  url = {https://CRAN.R-project.org/package=ggplot2},
}

@Manual{R-kableExtra,
  title = {kableExtra: Construct Complex Table with kable and Pipe Syntax},
  author = {Hao Zhu},
  year = {2021},
  note = {R package version 1.3.4},
  url = {https://CRAN.R-project.org/package=kableExtra},
}

@Manual{R-manualOpenScience,
  title = {manualOpenScience: The Open Science Manual: Make Your Scientific Research Accesible and Reproducible},
  author = {Claudio {Zandonella Callegher} and Davide Massidda},
  note = {https://arca-dpss.github.io/manual-open-science/},
  year = {2021},
}

@Manual{R-osfr,
  title = {osfr: Interface to the Open Science Framework (OSF)},
  author = {Aaron Wolen and Chris Hartgerink},
  year = {2020},
  note = {R package version 0.2.8},
  url = {https://CRAN.R-project.org/package=osfr},
}

@Manual{R-purrr,
  title = {purrr: Functional Programming Tools},
  author = {Lionel Henry and Hadley Wickham},
  year = {2020},
  note = {R package version 0.3.4},
  url = {https://CRAN.R-project.org/package=purrr},
}

@Manual{R-readr,
  title = {readr: Read Rectangular Text Data},
  author = {Hadley Wickham and Jim Hester and Jennifer Bryan},
  year = {2022},
  note = {R package version 2.1.2},
  url = {https://CRAN.R-project.org/package=readr},
}

@Manual{R-renv,
  title = {renv: Project Environments},
  author = {Kevin Ushey},
  year = {2022},
  note = {R package version 0.15.4},
  url = {https://rstudio.github.io/renv/},
}

@Manual{R-rmarkdown,
  title = {rmarkdown: Dynamic Documents for R},
  author = {JJ Allaire and Yihui Xie and Jonathan McPherson and Javier Luraschi and Kevin Ushey and Aron Atkins and Hadley Wickham and Joe Cheng and Winston Chang and Richard Iannone},
  year = {2022},
  note = {R package version 2.13},
  url = {https://CRAN.R-project.org/package=rmarkdown},
}

@Manual{R-roxygen2,
  title = {roxygen2: In-Line Documentation for R},
  author = {Hadley Wickham and Peter Danenberg and Gábor Csárdi and Manuel Eugster},
  year = {2021},
  note = {R package version 7.1.2},
  url = {https://CRAN.R-project.org/package=roxygen2},
}

@Manual{R-stringr,
  title = {stringr: Simple, Consistent Wrappers for Common String Operations},
  author = {Hadley Wickham},
  year = {2019},
  note = {R package version 1.4.0},
  url = {https://CRAN.R-project.org/package=stringr},
}

@Manual{R-tarchetypes,
  title = {tarchetypes: Archetypes for Targets},
  author = {William Michael Landau},
  year = {2022},
  note = {R package version 0.6.0},
  url = {https://CRAN.R-project.org/package=tarchetypes},
}

@Manual{R-targets,
  title = {targets: Dynamic Function-Oriented Make-Like Declarative Workflows},
  author = {William Michael Landau},
  year = {2022},
  note = {R package version 0.11.0},
  url = {https://CRAN.R-project.org/package=targets},
}

@Manual{R-testthat,
  title = {testthat: Unit Testing for R},
  author = {Hadley Wickham},
  year = {2022},
  note = {R package version 3.1.3},
  url = {https://CRAN.R-project.org/package=testthat},
}

@Manual{R-tibble,
  title = {tibble: Simple Data Frames},
  author = {Kirill Müller and Hadley Wickham},
  year = {2021},
  note = {R package version 3.1.6},
  url = {https://CRAN.R-project.org/package=tibble},
}

@Manual{R-tidyr,
  title = {tidyr: Tidy Messy Data},
  author = {Hadley Wickham and Maximilian Girlich},
  year = {2022},
  note = {R package version 1.2.0},
  url = {https://CRAN.R-project.org/package=tidyr},
}

@Manual{R-tidyverse,
  title = {tidyverse: Easily Install and Load the Tidyverse},
  author = {Hadley Wickham},
  year = {2021},
  note = {R package version 1.3.1},
  url = {https://CRAN.R-project.org/package=tidyverse},
}

@Manual{R-trackdown,
  title = {trackdown: Collaborative Editing of Rmd (or Rnw) Documents in Google Drive},
  author = {Emily Kothe and Claudio {Zandonella Callegher} and Filippo Gambarota and Janosch Linkersdörfer and Mathew Ling},
  year = {2021},
  note = {R package version 1.1.1},
  url = {https://CRAN.R-project.org/package=trackdown},
}

@Manual{R-usethis,
  title = {usethis: Automate Package and Project Setup},
  author = {Hadley Wickham and Jennifer Bryan and Malcolm Barrett},
  year = {2021},
  note = {R package version 2.1.5},
  url = {https://CRAN.R-project.org/package=usethis},
}

@Manual{R-workflowr,
  title = {workflowr: A Framework for Reproducible and Collaborative Data Science},
  author = {John Blischak and Peter Carbonetto and Matthew Stephens},
  year = {2021},
  note = {R package version 1.7.0},
  url = {https://github.com/workflowr/workflowr},
}

@Book{bookdown2016,
  title = {bookdown: Authoring Books and Technical Documents with {R} Markdown},
  author = {Yihui Xie},
  publisher = {Chapman and Hall/CRC},
  address = {Boca Raton, Florida},
  year = {2016},
  note = {ISBN 978-1138700109},
  url = {https://bookdown.org/yihui/bookdown},
}

@Book{ggplot22016,
  author = {Hadley Wickham},
  title = {ggplot2: Elegant Graphics for Data Analysis},
  publisher = {Springer-Verlag New York},
  year = {2016},
  isbn = {978-3-319-24277-4},
  url = {https://ggplot2.tidyverse.org},
}

@Article{osfr2020,
  title = {{osfr}: An {R} Interface to the Open Science Framework},
  author = {Aaron R. Wolen and Chris H.J. Hartgerink and Ryan Hafen and Brian G. Richards and Courtney K. Soderberg and Timothy P. York},
  journal = {Journal of Open Source Software},
  year = {2020},
  volume = {5},
  number = {46},
  pages = {2071},
  url = {https://doi.org/10.21105/joss.02071},
  doi = {10.21105/joss.02071},
}

@Book{rmarkdown2018,
  title = {R Markdown: The Definitive Guide},
  author = {Yihui Xie and J.J. Allaire and Garrett Grolemund},
  publisher = {Chapman and Hall/CRC},
  address = {Boca Raton, Florida},
  year = {2018},
  note = {ISBN 9781138359338},
  url = {https://bookdown.org/yihui/rmarkdown},
}

@Book{rmarkdown2020,
  title = {R Markdown Cookbook},
  author = {Yihui Xie and Christophe Dervieux and Emily Riederer},
  publisher = {Chapman and Hall/CRC},
  address = {Boca Raton, Florida},
  year = {2020},
  note = {ISBN 9780367563837},
  url = {https://bookdown.org/yihui/rmarkdown-cookbook},
}

@Manual{tarchetypes2021,
  title = {tarchetypes: Archetypes for Targets},
  author = {William Michael Landau},
  year = {2021},
  note = {{https://docs.ropensci.org/tarchetypes/, https://github.com/ropensci/tarchetypes}},
}

@Article{targets2021,
  title = {The targets R package: a dynamic Make-like function-oriented pipeline toolkit for reproducibility and high-performance computing},
  author = {William Michael Landau},
  journal = {Journal of Open Source Software},
  year = {2021},
  volume = {6},
  number = {57},
  pages = {2959},
  url = {https://doi.org/10.21105/joss.02959},
}

@Article{testthat2011,
  author = {Hadley Wickham},
  title = {testthat: Get Started with Testing},
  journal = {The R Journal},
  year = {2011},
  volume = {3},
  pages = {5--10},
  url = {https://journal.r-project.org/archive/2011-1/RJournal_2011-1_Wickham.pdf},
}

@Article{tidyverse2019,
  title = {Welcome to the {tidyverse}},
  author = {Hadley Wickham and Mara Averick and Jennifer Bryan and Winston Chang and Lucy D'Agostino McGowan and Romain François and Garrett Grolemund and Alex Hayes and Lionel Henry and Jim Hester and Max Kuhn and Thomas Lin Pedersen and Evan Miller and Stephan Milton Bache and Kirill Müller and Jeroen Ooms and David Robinson and Dana Paige Seidel and Vitalie Spinu and Kohske Takahashi and Davis Vaughan and Claus Wilke and Kara Woo and Hiroaki Yutani},
  year = {2019},
  journal = {Journal of Open Source Software},
  volume = {4},
  number = {43},
  pages = {1686},
  doi = {10.21105/joss.01686},
}

@Article{workflowr2019,
  title = {Creating and sharing reproducible research code the workflowr way [version 1; peer review: 3 approved]},
  author = {John D Blischak and Peter Carbonetto and Matthew Stephens},
  journal = {F1000Research},
  year = {2019},
  volume = {8},
  number = {1749},
  doi = {10.12688/f1000research.20843.1},
  url = {https://doi.org/10.12688/f1000research.20843.1},
}

