@manual{rcoreteamLanguageEnvironmentStatistical2021,
  type = {manual},
  title = {R: A Language and Environment for Statistical Computing},
  author = {{R Core Team}},
  date = {2021},
  location = {{Vienna, Austria}},
  url = {https://www.R-project.org/},
  organization = {{R Foundation for Statistical Computing}}
}
